@article{creators2013kill,
	title={To Kill a Centrifuge},
	author={Creators, What Stuxnet’s},
	year={2013}
}

@misc{stuxnet,
  key = {stuxnet},
title = {{Stuxnet}},
  howpublished = {\url{http://spectrum.ieee.org/telecom/security/the-real-story-of-stuxnet}},
  year = 2013}

%Tejas
@article{willems2007toward,
	title={Toward automated dynamic malware analysis using cwsandbox},
	author={Willems, Carsten and Holz, Thorsten and Freiling, Felix},
	journal={IEEE Security \& Privacy},
	volume={5},
	number={2},
	year={2007},
	publisher={IEEE}
}

%Sujay
@inproceedings{lengyel2014scalability,
	title={Scalability, fidelity and stealth in the DRAKVUF dynamic malware analysis system},
	author={Lengyel, Tamas K and Maresca, Steve and Payne, Bryan D and Webster, George D and Vogl, Sebastian and Kiayias, Aggelos},
	booktitle={Proceedings of the 30th Annual Computer Security Applications Conference},
	pages={386--395},
	year={2014},
	organization={ACM}
}
@inproceedings{dinaburg2008ether,
	author = {Dinaburg, Artem and Royal, Paul and Sharif, Monirul and Lee, Wenke},
	title = {Ether: Malware Analysis via Hardware Virtualization Extensions},
	booktitle = {Proceedings of the 15th ACM Conference on Computer and Communications Security},
	series = {CCS '08},
	year = {2008},
	isbn = {978-1-59593-810-7},
	location = {Alexandria, Virginia, USA},
	pages = {51--62},
	numpages = {12},
	url = {http://doi.acm.org/10.1145/1455770.1455779},
	doi = {10.1145/1455770.1455779},
	acmid = {1455779},
	publisher = {ACM},
	address = {New York, NY, USA},
	keywords = {dynamic analysis, emulation, malware analysis, unpacking, virtualization},
} 
@inproceedings{jiang2011procimplant,
	author = {Gu, Zhongshu and Deng, Zhui and Xu, Dongyan and Jiang, Xuxian},
	title = {Process Implanting: A New Active Introspection Framework for Virtualization},
	booktitle = {Proceedings of the 2011 IEEE 30th International Symposium on Reliable Distributed Systems},
	series = {SRDS '11},
	year = {2011},
	isbn = {978-0-7695-4450-2},
	pages = {147--156},
	numpages = {10},
	url = {http://dx.doi.org/10.1109/SRDS.2011.26},
	doi = {10.1109/SRDS.2011.26},
	acmid = {2085362},
	publisher = {IEEE Computer Society},
	address = {Washington, DC, USA},
	keywords = {Security, Virtualization, Active VM introspection},
}
@inproceedings{dongyan2013spider,
	author = {Deng, Zhui and Zhang, Xiangyu and Xu, Dongyan},
	title = {SPIDER: Stealthy Binary Program Instrumentation and Debugging via Hardware Virtualization},
	booktitle = {Proceedings of the 29th Annual Computer Security Applications Conference},
	series = {ACSAC '13},
	year = {2013},
	isbn = {978-1-4503-2015-3},
	location = {New Orleans, Louisiana, USA},
	pages = {289--298},
	numpages = {10},
	url = {http://doi.acm.org/10.1145/2523649.2523675},
	doi = {10.1145/2523649.2523675},
	acmid = {2523675},
	publisher = {ACM},
	address = {New York, NY, USA},
} 

%Zhibo Sun
@inproceedings{graziano2015needles,
	title={Needles in a Haystack: Mining Information from Public Dynamic Analysis Sandboxes for Malware Intelligence.},
	author={Graziano, Mariano and Canali, Davide and Bilge, Leyla and Lanzi, Andrea and Balzarotti, Davide},
	booktitle={USENIX Security},
	pages={1057--1072},
	year={2015}
}

%HMaskai
@inproceedings{yakdan2016helping,
	title={Helping Johnny to Analyze Malware: A Usability-Optimized Decompiler and Malware Analysis User Study},
	author={Yakdan, Khaled and Dechand, Sergej and Gerhards-Padilla, Elmar and Smith, Matthew},
	booktitle={Security and Privacy (SP), 2016 IEEE Symposium on},
	pages={158--177},
	year={2016},
	organization={IEEE}
}
@article{guilfanov2008decompilers,
	title={Decompilers and beyond},
	author={Guilfanov, Ilfak},
	journal={Black Hat USA},
	year={2008}
}
@inproceedings{yakdan2015no,
	title={No More Gotos: Decompilation Using Pattern-Independent Control-Flow Structuring and Semantic-Preserving Transformations.},
	author={Yakdan, Khaled and Eschweiler, Sebastian and Gerhards-Padilla, Elmar and Smith, Matthew},
	booktitle={NDSS},
	year={2015}
}
@inproceedings{lin2010automatic,
	title={Automatic reverse engineering of data structures from binary execution},
	author={Lin, Zhiqiang and Zhang, Xiangyu and Xu, Dongyan},
	booktitle={Proceedings of the 11th Annual Information Security Symposium},
	pages={5},
	year={2010},
	organization={CERIAS-Purdue University}
}

%Chaitanya
@inproceedings{kim2014linux,
	title={Linux kernel-based feature selection for Android malware detection},
	author={Kim, Hwan-Hee and Choi, Mi-Jung},
	booktitle={Network Operations and Management Symposium (APNOMS), 2014 16th Asia-Pacific},
	pages={1--4},
	year={2014},
	organization={IEEE}
}
@article{shabtai2014mobile,
	title={Mobile malware detection through analysis of deviations in application network behavior},
	author={Shabtai, Asaf and Tenenboim-Chekina, Lena and Mimran, Dudu and Rokach, Lior and Shapira, Bracha and Elovici, Yuval},
	journal={Computers \& Security},
	volume={43},
	pages={1--18},
	year={2014},
	publisher={Elsevier}
}
@article{shabtai2012andromaly,
	title={“Andromaly”: a behavioral malware detection framework for android devices},
	author={Shabtai, Asaf and Kanonov, Uri and Elovici, Yuval and Glezer, Chanan and Weiss, Yael},
	journal={Journal of Intelligent Information Systems},
	volume={38},
	number={1},
	pages={161--190},
	year={2012},
	publisher={Springer}
}
@inproceedings{rastogi2013appsplayground,
	title={AppsPlayground: automatic security analysis of smartphone applications},
	author={Rastogi, Vaibhav and Chen, Yan and Enck, William},
	booktitle={Proceedings of the third ACM conference on Data and application security and privacy},
	pages={209--220},
	year={2013},
	organization={ACM}
}
@inproceedings{yan2012droidscope,
	title={DroidScope: Seamlessly Reconstructing the OS and Dalvik Semantic Views for Dynamic Android Malware Analysis.},
	author={Yan, Lok-Kwong and Yin, Heng},
	booktitle={USENIX security symposium},
	pages={569--584},
	year={2012}
}

%Aloma
@inproceedings{moser2007exploring,
	title={Exploring multiple execution paths for malware analysis},
	author={Moser, Andreas and Kruegel, Christopher and Kirda, Engin},
	booktitle={Security and Privacy, 2007. SP'07. IEEE Symposium on},
	pages={231--245},
	year={2007},
	organization={IEEE}
}
@book{bayer2006ttanalyze,
	title={TTAnalyze: A tool for analyzing malware},
	author={Bayer, Ulrich and Kruegel, Christopher and Kirda, Engin},
	year={2006},
	publisher={na}
}
@incollection{brumley2008automatically,
	title={Automatically identifying trigger-based behavior in malware},
	author={Brumley, David and Hartwig, Cody and Liang, Zhenkai and Newsome, James and Song, Dawn and Yin, Heng},
	booktitle={Botnet Detection},
	pages={65--88},
	year={2008},
	publisher={Springer}
}
@inproceedings{kruegel2004detecting,
	title={Detecting kernel-level rootkits through binary analysis},
	author={Kruegel, Christopher and Robertson, William and Vigna, Giovanni},
	booktitle={Computer Security Applications Conference, 2004. 20th Annual},
	pages={91--100},
	year={2004},
	organization={IEEE}
}

%Varun
@article{stolfo2005fileprint,
	title={Fileprint analysis for malware detection},
	author={Stolfo, Salvatore J and Wang, Ke and Li, Wei-Jen},
	journal={ACM CCS WORM},
	year={2005}
}
@inproceedings{li2005fileprints,
	title={Fileprints: Identifying file types by n-gram analysis},
	author={Li, Wei-Jen and Wang, Ke and Stolfo, Salvatore J and Herzog, Benjamin},
	booktitle={Information Assurance Workshop, 2005. IAW'05. Proceedings from the Sixth Annual IEEE SMC},
	pages={64--71},
	year={2005},
	organization={IEEE}
}
@inproceedings{schultz2001mef,
	title={MEF: Malicious Email Filter-A UNIX Mail Filter That Detects Malicious Windows Executables.},
	author={Schultz, Matthew G and Eskin, Eleazar and Zadok, Erez and Bhattacharyya, Manasi and Stolfo, Salvatore J},
	booktitle={USENIX Annual Technical Conference, FREENIX Track},
	pages={245--252},
	year={2001}
}
@inproceedings{mcdaniel2003content,
	title={Content based file type detection algorithms},
	author={McDaniel, Mason and Heydari, Mohammad Hossain},
	booktitle={System Sciences, 2003. Proceedings of the 36th Annual Hawaii International Conference on},
	pages={10--pp},
	year={2003},
	organization={IEEE}
}

%Raj
@inproceedings{borders2006siren,
	title={Siren: Catching evasive malware},
	author={Borders, Kevin and Zhao, Xin and Prakash, Atul},
	booktitle={Security and Privacy, 2006 IEEE Symposium on},
	pages={6--pp},
	year={2006},
	organization={IEEE}
}
@inproceedings{king2006subvirt,
	title={SubVirt: Implementing malware with virtual machines},
	author={King, Samuel T and Chen, Peter M},
	booktitle={Security and Privacy, 2006 IEEE Symposium on},
	pages={14--pp},
	year={2006},
	organization={IEEE}
}
@inproceedings{cheswick1992evening,
	title={An Evening with Berferd in which a cracker is Lured, Endured, and Studied},
	author={Cheswick, Bill},
	booktitle={Proc. Winter USENIX Conference, San Francisco},
	pages={20--24},
	year={1992}
}
@inproceedings{tan2002undermining,
	title={Undermining an anomaly-based intrusion detection system using common exploits},
	author={Tan, Kymie MC and Killourhy, Kevin S and Maxion, Roy A},
	booktitle={International Workshop on Recent Advances in Intrusion Detection},
	pages={54--73},
	year={2002},
	organization={Springer}
}

%Vimal
@inproceedings{comparetti2010identifying,
	title={Identifying dormant functionality in malware programs},
	author={Comparetti, Paolo Milani and Salvaneschi, Guido and Kirda, Engin and Kolbitsch, Clemens and Kruegel, Christopher and Zanero, Stefano},
	booktitle={Security and Privacy (SP), 2010 IEEE Symposium on},
	pages={61--76},
	year={2010},
	organization={IEEE}
}
@article{mangialardo2015integrating,
	title={Integrating Static and Dynamic Malware Analysis Using Machine Learning},
	author={Mangialardo, Reinaldo Jose and Duarte, Julio Cesar},
	journal={IEEE Latin America Transactions},
	volume={13},
	number={9},
	pages={3080--3087},
	year={2015},
	publisher={IEEE}
}
@inproceedings{fleck2013pytrigger,
	title={Pytrigger: A system to trigger \& extract user-activated malware behavior},
	author={Fleck, Dan and Tokhtabayev, Arnur and Alarif, Alex and Stavrou, Angelos and Nykodym, Tomas},
	booktitle={Availability, Reliability and Security (ARES), 2013 Eighth International Conference on},
	pages={92--101},
	year={2013},
	organization={IEEE}
}
@inproceedings{massicotte2012testing,
	title={A testing model for dynamic malware analysis systems},
	author={Massicotte, Frederic and Couture, Mathieu and Normandin, Hugues and Michaud, Frederic},
	booktitle={Software Testing, Verification and Validation (ICST), 2012 IEEE Fifth International Conference on},
	pages={826--833},
	year={2012},
	organization={IEEE}
}

%Kunal
@inproceedings{roesch1999snort,
	title={Snort: Lightweight intrusion detection for networks.},
	author={Roesch, Martin and others},
	booktitle={Lisa},
	volume={99},
	number={1},
	pages={229--238},
	year={1999}
}
@article{chung2013nice,
	title={NICE: Network intrusion detection and countermeasure selection in virtual network systems},
	author={Chung, Chun-Jen and Khatkar, Pankaj and Xing, Tianyi and Lee, Jeongkeun and Huang, Dijiang},
	journal={IEEE transactions on dependable and secure computing},
	volume={10},
	number={4},
	pages={198--211},
	year={2013},
	publisher={IEEE}
}